<?xml version = "1.0" encoding = "UTF-8"?><OAI-PMH xmlns="http://www.openarchives.org/OAI/2.0/" xmlns:xsi="http://www.w3.org/2001/XMLSchema-instance" xsi:schemaLocation="http://www.openarchives.org/OAI/2.0/ http://www.openarchives.org/OAI/2.0/OAI-PMH.xsd"><ListRecords><record><header><identifier>aleph-publish:014506268</identifier></header><metadata><record xmlns="http://www.ddb.de/professionell/mabxml/mabxml-1.xsd"><leader>00816nM2.01200024------h</leader><controlfield tag="LDR">00816nM2.01200024------h</controlfield><controlfield tag="FMT">MH</controlfield><datafield tag="001" ind1="-" ind2="1"><subfield code="a">TT001451033</subfield></datafield><datafield tag="002" ind1="a" ind2="1"><subfield code="a">20060407</subfield></datafield><datafield tag="003" ind1="-" ind2="1"><subfield code="a">20180528</subfield></datafield><datafield tag="004" ind1="-" ind2="1"><subfield code="a">20060323</subfield></datafield><datafield tag="025" ind1="o" ind2="1"><subfield code="a">310784915</subfield></datafield><datafield tag="026" ind1="-" ind2="1"><subfield code="a">HBZTT001451033</subfield></datafield><controlfield tag="030">az1ucr|||||27</controlfield><datafield tag="036" ind1="a" ind2="1"><subfield code="a">US</subfield></datafield><datafield tag="037" ind1="b" ind2="1"><subfield code="a">eng</subfield></datafield><controlfield tag="050">a|||||||||||||</controlfield><controlfield tag="051">m|||||||</controlfield><datafield tag="070" ind1="-" ind2="1"><subfield code="a">386</subfield></datafield><datafield tag="070" ind1="a" ind2="1"><subfield code="a">386</subfield></datafield><datafield tag="070" ind1="b" ind2="1"><subfield code="a">386</subfield></datafield><datafield tag="080" ind1="-" ind2="1"><subfield code="a">60</subfield></datafield><datafield tag="200" ind1="-" ind2="1"><subfield code="e">Technical Symposium on Academic Education in Computer Science</subfield><subfield code="n">1</subfield><subfield code="d">1970</subfield><subfield code="c">Houston, Tex.</subfield><subfield code="9">(DE-588)816378-9</subfield></datafield><datafield tag="201" ind1="-" ind2="1"><subfield code="e">ACM SIGCSE Technical Symposium on Academic Education in Computer Science</subfield><subfield code="n">1</subfield><subfield code="d">1970</subfield><subfield code="c">Houston, Tex.</subfield></datafield><datafield tag="204" ind1="b" ind2="1"><subfield code="k">Association for Computing Machinery</subfield><subfield code="b">Special Interest Group on Computer Science Education</subfield><subfield code="9">(DE-588)7918-2</subfield></datafield><datafield tag="205" ind1="-" ind2="1"><subfield code="k">Special Interest Group on Computer Science Education</subfield></datafield><datafield tag="205" ind1="-" ind2="1"><subfield code="k">ACM Special Interest Group on Computer Science Education</subfield></datafield><datafield tag="205" ind1="-" ind2="1"><subfield code="k">SIGCSE</subfield></datafield><datafield tag="205" ind1="-" ind2="1"><subfield code="k">ACM SIGCSE</subfield></datafield><datafield tag="331" ind1="-" ind2="1"><subfield code="a">Papers presented at ACM SIGCSE Technical Symposium on Academic Education in Computer Science</subfield></datafield><datafield tag="335" ind1="-" ind2="1"><subfield code="a">Nov. 16, 1970, Houston, Texas</subfield></datafield><datafield tag="359" ind1="-" ind2="1"><subfield code="a">sponsored by the Association for Computing Machinery / Special Interest Group on Computer Science Education</subfield></datafield><datafield tag="370" ind1="a" ind2="1"><subfield code="a">Academic education in computer science</subfield></datafield><datafield tag="410" ind1="-" ind2="1"><subfield code="a">New York, NY</subfield></datafield><datafield tag="412" ind1="-" ind2="1"><subfield code="a">ACM</subfield></datafield><datafield tag="425" ind1="-" ind2="1"><subfield code="a">1970</subfield></datafield><datafield tag="425" ind1="a" ind2="1"><subfield code="a">1970</subfield></datafield><datafield tag="433" ind1="-" ind2="1"><subfield code="a">VI, 126 S.</subfield></datafield><datafield tag="501" ind1="-" ind2="1"><subfield code="a">Aus: SIGCSE bulletin: Vol.2, No.3, 1970</subfield></datafield><datafield tag="533" ind1="-" ind2="1"><subfield code="p">Spaeter</subfield><subfield code="a">Symposium on Education in Computer Science &lt;02, 1972, St. Louis, Miss.&gt;</subfield></datafield><controlfield tag="SYS">014506268</controlfield><datafield tag="088" ind1=" " ind2=" "><subfield code="a">386/36</subfield><subfield code="c">INF 040/006-1</subfield><subfield code="e">Keine Angabe</subfield></datafield></record></metadata></record></ListRecords></OAI-PMH>